@Book{Clan1, 
  title = 	 {{Improved approximate pattern matching on hypertex}},
  publisher = 	 {University of Chile},
  year = 	 {1999},
  author = {Gonzalo Navarro}
}

@Book{Clan2,
  title = 	 {{Bit-parallel sequence-to-graph alignment}},
  year = 	 {2019},
  author = {Mikko Rautiainen, Veli Makinen and Tobias Marschall}
}




